<record><leader>00000cas a22000007a 4500</leader><controlfield tag="001">15112409</controlfield><controlfield tag="008">870126d18651870inuwr ne      0    0eng d</controlfield><datafield ind1=" " ind2=" " tag="010"><subfield code="a">sn 87055132 </subfield></datafield><datafield ind1=" " ind2=" " tag="040"><subfield code="a">NPI</subfield><subfield code="b">eng</subfield><subfield code="c">NPI</subfield><subfield code="d">OCLCQ</subfield></datafield><datafield ind1=" " ind2=" " tag="042"><subfield code="a">msc</subfield></datafield><datafield ind1="0" ind2="0" tag="245"><subfield code="a">Rochester standard.</subfield></datafield><datafield ind1=" " ind2=" " tag="260"><subfield code="a">Rochester, Ind. :</subfield><subfield code="b">R.M. Hathaway,</subfield><subfield code="c">1865-1870.</subfield></datafield><datafield ind1=" " ind2=" " tag="310"><subfield code="a">Weekly</subfield></datafield><datafield ind1="0" ind2=" " tag="362"><subfield code="a">Vol. 1, no. 1 (Aug. 5, 1865)-v. 5, no. 25 (May 19, 1870).</subfield></datafield><datafield ind1=" " ind2=" " tag="752"><subfield code="a">United States</subfield><subfield code="b">Indiana</subfield><subfield code="c">Fulton</subfield><subfield code="d">Rochester.</subfield></datafield><datafield ind1="0" ind2="0" tag="780"><subfield code="t">Rochester sentinel (Rochester, Ind. : 18580 : Weekly)</subfield><subfield code="w">(DLC)sn 87055265</subfield><subfield code="w">(OCoLC)13419365</subfield></datafield><datafield ind1="0" ind2="0" tag="785"><subfield code="t">Rochester city times</subfield><subfield code="w">(DLC)sn 87055131</subfield></datafield></record>